<record><leader>00000cas a2200000 a 4500</leader><controlfield tag="001">12008636</controlfield><controlfield tag="008">850508d18uu1889tnuwr ne      0    0eng d</controlfield><datafield ind1=" " ind2=" " tag="010"><subfield code="a">sn 85033486 </subfield></datafield><datafield ind1=" " ind2=" " tag="040"><subfield code="a">NPU</subfield><subfield code="b">eng</subfield><subfield code="c">NPU</subfield><subfield code="d">NPX</subfield><subfield code="d">NVF</subfield><subfield code="d">MGN</subfield><subfield code="d">NVF</subfield><subfield code="d">TGN</subfield><subfield code="d">OCL</subfield><subfield code="d">OCLCQ</subfield><subfield code="d">OCLCF</subfield><subfield code="d">OCLCO</subfield></datafield><datafield ind1="1" ind2=" " tag="029"><subfield code="a">AU@</subfield><subfield code="b">000020234339</subfield></datafield><datafield ind1=" " ind2=" " tag="042"><subfield code="a">msc</subfield></datafield><datafield ind1=" " ind2=" " tag="043"><subfield code="a">n-us-tn</subfield></datafield><datafield ind1="0" ind2=" " tag="130"><subfield code="a">Lebanon herald (Lebanon, Tenn.)</subfield></datafield><datafield ind1="1" ind2="0" tag="245"><subfield code="a">Lebanon herald.</subfield></datafield><datafield ind1=" " ind2=" " tag="260"><subfield code="a">Lebanon, Tenn. :</subfield><subfield code="b">Neal &amp; Spillers</subfield></datafield><datafield ind1=" " ind2=" " tag="300"><subfield code="a">v. ;</subfield><subfield code="c">66 cm.</subfield></datafield><datafield ind1=" " ind2=" " tag="310"><subfield code="a">Weekly</subfield></datafield><datafield ind1="1" ind2=" " tag="362"><subfield code="a">Ceased in 1889.</subfield></datafield><datafield ind1=" " ind2=" " tag="500"><subfield code="a">Publishers: Wm. Z. Neal and R.T. Spillers, &lt;1865&gt;; R.L.C. White &amp; Co, &lt;1873&gt;-1887; R.L.C. White &amp; Son, &lt;1887&gt;; Herald Pub. Co., &lt;1888&gt;; E.E. Adams, 1888-1889.</subfield></datafield><datafield ind1=" " ind2=" " tag="588"><subfield code="a">Description based on: Vol. 9, no. 3 (Oct. 21, 1865).</subfield></datafield><datafield ind1=" " ind2=" " tag="588"><subfield code="a">Latest issue consulted: Vol. 36, no. 1622 (Jan. 19, 1889).</subfield></datafield><datafield ind1=" " ind2="0" tag="651"><subfield code="a">Lebanon (Tenn.)</subfield><subfield code="v">Newspapers.</subfield></datafield><datafield ind1=" " ind2="0" tag="651"><subfield code="a">Wilson County (Tenn.)</subfield><subfield code="v">Newspapers.</subfield></datafield><datafield ind1=" " ind2="7" tag="655"><subfield code="a">Newspapers.</subfield><subfield code="2">fast</subfield><subfield code="0">(OCoLC)fst01423814</subfield></datafield><datafield ind1=" " ind2="7" tag="651"><subfield code="a">Tennessee</subfield><subfield code="z">Lebanon.</subfield><subfield code="2">fast</subfield><subfield code="0">(OCoLC)fst01235851</subfield></datafield><datafield ind1=" " ind2="7" tag="651"><subfield code="a">Tennessee</subfield><subfield code="z">Wilson County.</subfield><subfield code="2">fast</subfield><subfield code="0">(OCoLC)fst01214430</subfield></datafield><datafield ind1=" " ind2=" " tag="752"><subfield code="a">United States</subfield><subfield code="b">Tennessee</subfield><subfield code="c">Wilson</subfield><subfield code="d">Lebanon.</subfield></datafield><datafield ind1="0" ind2=" " tag="775"><subfield code="t">Daily herald (Lebanon, Tenn.)</subfield><subfield code="w">(DLC)sn 96091143</subfield></datafield><datafield ind1="0" ind2="0" tag="780"><subfield code="t">Lebanon weekly herald</subfield><subfield code="w">(DLC)sn 96091144</subfield></datafield><datafield ind1="0" ind2="0" tag="785"><subfield code="t">Lebanon democrat (Lebanon, Tenn. : 1889)</subfield><subfield code="w">(DLC)sn 96091160</subfield></datafield></record>